@article{einstein,
    author =       "Albert Einstein",
    title =        "{Zur Elektrodynamik bewegter K{\"o}rper}. ({German})
        [{On} the electrodynamics of moving bodies]",
    journal =      "Annalen der Physik",
    volume =       "322",
    number =       "10",
    pages =        "891--921",
    year =         "1905",
    DOI =          "http://dx.doi.org/10.1002/andp.19053221004"
}

@inproceedings{opik1951collision,
  title={Collision probabilities with the planets and the distribution of interplanetary matter},
  author={{\"O}pik, Ernest Julius},
  booktitle={Proceedings of the Royal Irish Academy. Section A: Mathematical and Physical Sciences},
  volume={54},
  pages={165--199},
  year={1951},
  organization={JSTOR}
}

@ARTICLE{2017arXiv170103096J,
   author = {{JeongAhn}, Y. and {Malhotra}, R.},
    title = "{Simplified derivation of the collision probability of two objects in independent Keplerian orbits}",
  journal = {ArXiv e-prints},
archivePrefix = "arXiv",
   eprint = {1701.03096},
 primaryClass = "astro-ph.EP",
 keywords = {Astrophysics - Earth and Planetary Astrophysics},
     year = 2017,
    month = jan,
   adsurl = {http://adsabs.harvard.edu/abs/2017arXiv170103096J},
  adsnote = {Provided by the SAO/NASA Astrophysics Data System}
}


@article{wetherill1967collisions,
  title={Collisions in the asteroid belt},
  author={Wetherill, GW},
  journal={Journal of Geophysical Research},
  volume={72},
  number={9},
  pages={2429--2444},
  year={1967},
  publisher={Wiley Online Library}
}

@misc{website:template,
      author = "Yao-Yuan Mao",
      title = "Template for the Astrophysical Journal with emulateapj",
      year = "2015",
      url = "https://www.overleaf.com/latex/templates/outdated-template-for-the-astrophysical-journal-with-emulateapj/dhpbhdftnchx#.WHyi2vErLeN"
},
 
@book{newton1833philosophiae,
  title={Philosophiae naturalis principia mathematica},
  author={Newton, Isaac and Bernoulli, Daniel and MacLaurin, Colin and Euler, Leonhard},
  volume={1},
  year={1833},
  publisher={excudit G. Brookman; impensis TT et J. Tegg, Londini}
}
 
@book{latexcompanion,
    author    = "Michel Goossens and Frank Mittelbach and Alexander Samarin",
    title     = "The \LaTeX\ Companion",
    year      = "1993",
    publisher = "Addison-Wesley",
    address   = "Reading, Massachusetts"
}
 
@misc{knuthwebsite,
    author    = "Donald Knuth",
    title     = "Knuth: Computers and Typesetting",
    url       = "http://www-cs-faculty.stanford.edu/\~{}uno/abcde.html"
}