@article{einstein,
    author =       "Albert Einstein",
    title =        "{Zur Elektrodynamik bewegter K{\"o}rper}. ({German})
        [{On} the electrodynamics of moving bodies]",
    journal =      "Annalen der Physik",
    volume =       "322",
    number =       "10",
    pages =        "891--921",
    year =         "1905",
    DOI =          "http://dx.doi.org/10.1002/andp.19053221004"
}

@misc{website:template,
      author = "Yao-Yuan Mao",
      title = "Template for the Astrophysical Journal with emulateapj",
      year = "2015",
      url = "https://www.overleaf.com/latex/templates/outdated-template-for-the-astrophysical-journal-with-emulateapj/dhpbhdftnchx#.WHyi2vErLeN"
},
 
@book{newton1833philosophiae,
  title={Philosophiae naturalis principia mathematica},
  author={Newton, Isaac and Bernoulli, Daniel and MacLaurin, Colin and Euler, Leonhard},
  volume={1},
  year={1833},
  publisher={excudit G. Brookman; impensis TT et J. Tegg, Londini}
}
 
@book{latexcompanion,
    author    = "Michel Goossens and Frank Mittelbach and Alexander Samarin",
    title     = "The \LaTeX\ Companion",
    year      = "1993",
    publisher = "Addison-Wesley",
    address   = "Reading, Massachusetts"
}
 
@misc{knuthwebsite,
    author    = "Donald Knuth",
    title     = "Knuth: Computers and Typesetting",
    url       = "http://www-cs-faculty.stanford.edu/\~{}uno/abcde.html"
}